<collection xmlns="http://www.loc.gov/MARC21/slim"><record><leader>00768nam  2200253   450</leader><controlfield tag="001">841</controlfield><controlfield tag="003">http://montalegre.opacnet.com/OPAC/default.aspx?ContentAreaControl=ShowRegHoldings.ascx&amp;RegNo=16662</controlfield><controlfield tag="005">20</controlfield><datafield tag="021" ind1=" " ind2=" "><subfield code="a">PT</subfield><subfield code="b">11186/86</subfield></datafield><datafield tag="095" ind1=" " ind2=" "><subfield code="a">PTBN00031251</subfield></datafield><datafield tag="100" ind1=" " ind2=" "><subfield code="a">20061013d1987    k  y0pora010305  ba</subfield></datafield><datafield tag="101" ind1="0" ind2=" "><subfield code="a">por</subfield></datafield><datafield tag="102" ind1=" " ind2=" "><subfield code="a">PT</subfield></datafield><datafield tag="200" ind1="1" ind2=" "><subfield code="a">&lt;As &gt;malas do cuco</subfield><subfield code="f">Joäo Madeira</subfield><subfield code="g">il. Carlos Paula</subfield></datafield><datafield tag="205" ind1=" " ind2=" "><subfield code="a">2ª ed</subfield></datafield><datafield tag="210" ind1=" " ind2=" "><subfield code="a">Lisboa</subfield><subfield code="d">1987</subfield><subfield code="e">Damaia</subfield><subfield code="g">Printipo</subfield></datafield><datafield tag="215" ind1=" " ind2=" "><subfield code="a">98, [1] p.</subfield><subfield code="c">il.</subfield><subfield code="d">24 cm</subfield></datafield><datafield tag="675" ind1=" " ind2=" "><subfield code="a">821.134.3</subfield></datafield><datafield tag="675" ind1=" " ind2=" "><subfield code="a">087.5</subfield></datafield><datafield tag="700" ind1=" " ind2="1"><subfield code="a">Madeira</subfield><subfield code="b">João</subfield><subfield code="f">1950-</subfield></datafield><datafield tag="702" ind1=" " ind2="1"><subfield code="a">Paula</subfield><subfield code="b">Carlos</subfield><subfield code="4">440</subfield></datafield><datafield tag="801" ind1=" " ind2="0"><subfield code="a">PT</subfield><subfield code="b">Biblioteca Municipal de Montalegre</subfield><subfield code="g">RPC</subfield></datafield><datafield tag="856" ind1=" " ind2=" "><subfield code="u">locateMedia.asp?cod=20060626165145&amp;ext=jpg</subfield><subfield code="z">CAPA</subfield></datafield><datafield tag="909" ind1="&#9;" ind2=" "><subfield code="a">2</subfield></datafield><datafield tag="966" ind1=" " ind2=" "><subfield code="a">0003232</subfield><subfield code="l">BMM</subfield><subfield code="s">SJ 821.134.3 MAD mal</subfield></datafield><datafield tag="966" ind1=" " ind2=" "><subfield code="a">0003233</subfield><subfield code="l">BMM</subfield><subfield code="s">SJ 821.134.3 MAD mal</subfield></datafield></record></collection>